@inproceedings{Yao2018GraphCN,
  title={Graph convolutional networks for text classification},
  author={Yao, Liang and Mao, Chengsheng and Luo, Yuan},
  booktitle={Proceedings of the AAAI Conference on Artificial Intelligence},
  volume={33},
  pages={7370--7377},
  year={2018}
}
@misc{AGCorpusData,
  author = {Gulli, Antonio},
  title = {{AG's corpus of news articles}},
  howpublished = {\url{http://groups.di.unipi.it/~gulli/AG_corpus_of_news_articles.html}},
  note = {Dataset},
  year = {2023}
}
@article{Zhang2015CharacterlevelCN,
  title={Character-level convolutional networks for text classification},
  author={Zhang, Xiang and Zhao, Junbo J. and LeCun, Yann},
  journal={Proceedings of the Advances in Neural Information Processing Systems},
  year={2015}
}
@inproceedings{Kim2014CNN,
  title={Convolutional neural networks for sentence classification},
  author={Kim, Yoon},
  booktitle={Proceedings of the Conference on Empirical Methods in Natural Language Processing (EMNLP)},
  pages={1746--1751},
  year={2014}
}
@inproceedings{Liu2016RNN,
  title={Recurrent neural network for text classification with multi-task learning},
  author={Liu, Pengfei and Qiu, Xipeng and Huang, Xuanjing},
  booktitle={Proceedings of the International Joint Conference on Artificial Intelligence (IJCAI)},
  pages={2873--2879},
  year={2016},
  organization={AAAI Press}
}

@misc{r8,
  author = {Weipengfei},
  title = {{oh-r8-r52 Dataset}},
  year = {2024},
  howpublished = {\url{https://www.kaggle.com/datasets/weipengfei/ohr8r52}},
  note = {Accessed: [03/06/2024]}
}

@inproceedings{Hamilton2017GraphSAGE,
  title={Inductive Representation Learning on Large Graphs},
  author={Hamilton, William L. and Ying, Rex and Leskovec, Jure},
  booktitle={Proceedings of the Advances in Neural Information Processing Systems (NeurIPS)},
  year={2017},
  pages={1024--1034}
}

@misc{vidgen2020detecting,
      title={Detecting East Asian Prejudice on Social Media}, 
      author={Bertie Vidgen and Austin Botelho and David Broniatowski and Ella Guest and Matthew Hall and Helen Margetts and Rebekah Tromble and Zeerak Waseem and Scott Hale},
      year={2020},
      eprint={2005.03909},
      archivePrefix={arXiv},
      primaryClass={cs.CL}
}
